@MISC{ACMCODE,
  author = 	 {{Association for Computing Machinery}},
  title = 	 {{ACM Code of Ethics and Professional Conduct}},
  note =         {\url{https://www.acm.org/code-of-ethics}},
  year = 	 {2018},
  howpublished = 	 {ACM, New York}
}

@INPROCEEDINGS{Monniaux:Memory,
	AUTHOR = {Monniaux, David},
	TITLE = {Memory Simulations, Security and Optimization in a Verified Compiler},
	BOOKTITLE = {Proceedings of the 13th ACM SIGPLAN International Conference on Certified Programs and Proofs},
	PAGES = {103–117},
	ORGANIZATION = {Association for Computing Machinery},
	PUBLISHER = {Association for Computing Machinery},
	ADDRESS = {London, UK},
	MONTH = "August",
	YEAR = {2024}	}
	
@INPROCEEDINGS{Xu:Silent,
	AUTHOR = {Jianhao Xu and Kangjie Lu and Zhengjie Du and Zhu Ding and Linke Li and Qiushi Wu and Mathias Payer and Bing Mao},
	TITLE = {Silent Bugs Matter: A Study of {Compiler-Introduced} Security Bugs},
	BOOKTITLE = {32nd USENIX Security Symposium (USENIX Security 23)},
	PAGES = {3655-3672},
	ORGANIZATION = "USENIX Security",
	PUBLISHER = {USENIX Security},
	ADDRESS = {Anaheim, CA},
	MONTH = "August", 
	YEAR = {2023}	}
	


@INPROCEEDINGS{Wang:Optimization,
	AUTHOR = {Wang, Xi and Zeldovich, Nickolai and Kaashoek, M. Frans and Solar-Lezama, Armando},
	TITLE = {Towards optimization-safe systems: analyzing the impact of undefined behavior},
	BOOKTITLE = {Proceedings of the Twenty-Fourth ACM Symposium on Operating Systems Principles},
	PAGES = {260–275},
	ORGANIZATION = "Association for Computing Machinery",
	PUBLISHER = {Association for Computing Machinery},
	ADDRESS = {New York, NY},
	YEAR = {2013}	}

@INPROCEEDINGS{DSilva:Correctness,
	AUTHOR = {D'Silva, Vijay and Payer, Mathias and Song, Dawn},
	TITLE = {The Correctness-Security Gap in Compiler Optimization},
	BOOKTITLE = {2015 IEEE Security and Privacy Workshops},
	PAGES = {73-87},
	ORGANIZATION = {IEEE},
	PUBLISHER = {IEEE},
	ADDRESS = {New York, NY},
	MONTH = "May", 
	YEAR = {2015}	}

@misc{CWE:2023, url={https://cwe.mitre.org/top25/archive/2023/2023_top25_list.html},
	author={CWE}, journal={CWE}, publisher={Department of Homeland Security}, year={2023}} 



